@book{book:104066237,
   title =     {The LaTeX Companion: Parts I \& II, 3rd Edition (Tools and Techniques for Computer Typesetting)},
   author =    {Frank Mittelbach, Ulrike Fischer},
   publisher = {Addison-Wesley Professional},
   year =      {2023},
   edition =   {3},
}

@book{book:4283063,
   title =     {Text And Math Into LaTeX},
   author =    {George Gr√§tzer},
   publisher = {Springer},
   year =      {2024},
   series =    {},
   edition =   {6},
   volume =    {},
}

@book{book:4269053,
   title =     {Modern LaTeX},
   author =    {Matt Kline},
   publisher = {bitbashing.io},
   isbn =      {},
   year =      {2022},
   series =    {},
   edition =   {2},
   volume =    {},
}

@book{book:4306199,
   title =     {LaTeX Cookbook: Over 100 practical, ready-to-use LaTeX recipes for instant solutions},
   author =    {Stefan Kottwitz},
   publisher = {Packt Publishing},
   year =      {2024},
   series =    {},
   edition =   {2},
   volume =    {},
}

@book{book:3103155,
   title =     {LaTeX Beginner's Guide: Create visually appealing texts, articles, and books for business and science using LaTeX, 2nd Edition},
   author =    {Stefan Kottwitz},
   publisher = {Packt Publishing},
   year =      {2021},
   series =    {},
   edition =   {2},
   volume =    {},
}
