@book{rich2004schaum,
  title={Schaum's Outline of Elementary Algebra},
  author={Rich, B. and Schmidt, P.},
  isbn={9780071410830},
  lccn={2004557347},
  series={Schaum's Outline Series},
  url={https://books.google.com.mx/books?id=8PRU9cTKprsC},
  year={2004},
  publisher={Mcgraw-hill}
}
@book{prasolov1997elliptic,
  title={Elliptic Functions and Elliptic Integrals},
  author={Prasolov, V.V. and Solov\_ev, I.U.P.},
  isbn={9780821897805},
  series={Memoirs of the American Mathematical Society},
  url={https://books.google.com.mx/books?id=fcp9IiZd3tQC},
  year={1997},
  publisher={American Mathematical Soc.}
}
@unpublished{goualard:hal-04116310,
  TITLE = {{The Ins and Outs of Solving Quadratic Equations with Floating-Point Arithmetic}},
  AUTHOR = {Goualard, Fr{\'e}d{\'e}ric},
  URL = {https://cnrs.hal.science/hal-04116310},
  NOTE = {working paper or preprint},
  YEAR = {2023},
  MONTH = Jun,
  KEYWORDS = {Floating-point arithmetic ; numerical errors ; robustness ; quadratic equation},
  PDF = {https://cnrs.hal.science/hal-04116310/file/quadratics.pdf},
  HAL_ID = {hal-04116310},
  HAL_VERSION = {v1},
}
